@book{scala1,
  title={Scala Reactive Programming},
  author ={Rambabu Posa},
  publisher={Packt},
  isbn={9781787288645}
  year={2018}
}
